@inproceedings{wilamowski2003solving,
  title={Solving parity-N problems with feedforward neural networks},
  author={Wilamowski, Bodgan M and Hunter, David and Malinowski, Aleksander},
  booktitle={Neural Networks, 2003. Proceedings of the International Joint Conference on},
  volume={4},
  pages={2546--2551},
  year={2003},
  organization={IEEE}
}

@article{setiono1997solution,
  title={On the solution of the parity problem by a single hidden layer feedforward neural network},
  author={Setiono, Rudy},
  journal={Neurocomputing},
  volume={16},
  number={3},
  pages={225--235},
  year={1997},
  publisher={Elsevier}
}


@article{franco2001generalization,
  title={Generalization properties of modular networks: Implementing the parity function},
  author={Franco, Leonardo and Cannas, Sergio A},
  journal={Neural Networks, IEEE Transactions on},
  volume={12},
  number={6},
  pages={1306--1313},
  year={2001},
  publisher={IEEE}
}

@article{hochreiter1996bridging,
  title={Bridging long time lags by weight guessing and “Long Short-Term Memory”},
  author={Hochreiter, Sepp and Schmidhuber, Jurgen},
  journal={Spatiotemporal models in biological and artificial systems},
  volume={37},
  pages={65--72},
  year={1996}
}

@inproceedings{srivastava2015training,
  title={Training very deep networks},
  author={Srivastava, Rupesh K and Greff, Klaus and Schmidhuber, J{\"u}rgen},
  booktitle={Advances in Neural Information Processing Systems},
  pages={2368--2376},
  year={2015}
}

@article{kalchbrenner2015grid,
  title={Grid long short-term memory},
  author={Kalchbrenner, Nal and Danihelka, Ivo and Graves, Alex},
  journal={arXiv preprint arXiv:1507.01526},
  year={2015}
}


